% Encoding: UTF-8

@mthesis{Sairoglu,
  author  = "Şairoğlu, M.",
  title   = "Low-Power General Purpose Processor Design and Instruction Set Extension for AES",
  school  = "Istanbul Technical University",
  year    = "2020",
  url     = "https://web.itu.edu.tr/~orssi/thesis/2020/MuhammedSairoglu_tez.pdf"
}
@misc{eryilmaz,
  author  = "Eryılmaz, Y. E.",
  title   = "Extending the Instruciton Set of RISC-V Processor for ASCON Algorithm",
  school  = "Istanbul Technical University",
  year    = "2022",
  url     = "https://web.itu.edu.tr/~orssi/thesis/2022/YunusEryilmaz_bit.pdf"
}



@misc{tutorialcomp,
	title = {{Compiler Design - Code Generation}},
	year = {2022},
	month = dec,
	note = {[Online; accessed 5. Jan. 2023]},
	url = {https://www.tutorialspoint.com/compiler_design/compiler_design_code_generation.htm}
}

@misc{phasesofcomp,
	title = {{Grouping of Phases in Compiler Design}},
	year = {2022},
	month = dec,
	note = {[Online; accessed 5. Jan. 2023]},
	url = {https://www.geeksforgeeks.org/grouping-of-phases-in-compiler-design/?ref=rp}
}

@book{nacke2021learn,
  title={Learn LLVM 12: A Beginner's Guide to Learning LLVM Compiler Tools and Core Libraries with C++},
  author={Nacke, K.},
  isbn={9781839213502},
  url={https://books.google.com.tr/books?id=5atJzgEACAAJ},
  year={2021},
  publisher={Packt Publishing}
}

@misc{riscvIselh,
	title = {{LLVM: lib/Target/RISCV/RISCVISelLowering.h Source File}},
	year = {2022},
	month = dec,
	note = {[Online; accessed 5. Jan. 2023]},
	url = {https://llvm.org/doxygen/RISCVISelLowering_8h_source.html}
}

@book{compileralfredaho,
  title={Compilers: Principles, Techniques, and Tools},
  author={Aho, A.},
  isbn={0-321-48681-1},
  year={2007},
  publisher={Addison-Wesley}
}
@Comment{jabref-meta: databaseType:biblatex;}


@misc{llvmbackend,
	title = {{The LLVM Target-Independent Code Generator {\ifmmode---\else\textemdash\fi} LLVM 16.0.0git documentation}},
	year = {2022},
	month = dec,
	note = {[Online; accessed 5. Jan. 2023]},
	url = {https://llvm.org/docs/CodeGenerator.html}
}

@misc{optimizer,
	title = {{opt - LLVM optimizer {\ifmmode---\else\textemdash\fi} LLVM 16.0.0git documentation}},
	year = {2022},
	month = dec,
	note = {[Online; accessed 5. Jan. 2023]},
	url = {https://llvm.org/docs/CommandGuide/opt.html}
}
@misc{passes,
	title = {{LLVM’s Analysis and Transform Passes}},
	url = {https://llvm.org/docs/Passes.html}
}
@misc{llvmpass-instcombine,
	title = {{LLVM’s Analysis and Transform Passes}},
	url = {https://releases.llvm.org/9.0.0/docs/Passes.html#instcombine-combine-redundant-instructions}
}
@misc{llvmref-funcAttrs,
	title = {{LLVM Language Reference Manual - Function Attributes}},
	url = {https://llvm.org/docs/LangRef.html#function-attributes}
}

@misc{llvmref-objectLifetime,
	title = {{LLVM Language Reference Manual - Object Lifetime}},
	url = {https://llvm.org/docs/LangRef.html#object-lifetime}
}
@misc{llvmref-fshl,
	title = {{LLVM Language Reference Manual - ‘llvm.fshl.*’ Intrinsic}},
	url = {https://llvm.org/docs/LangRef.html#llvm-fshl-intrinsic}
}
@misc{llvmcode-sroa,
	title = {{LLVM Source Code - SROA.cpp}},
	url = {https://github.com/llvm/llvm-project/blob/main/llvm/lib/Transforms/Scalar/SROA.cpp#L9}
}
@misc{llvmcode-reassoc,
	title = {{LLVM Source Code - Reassociate.h}},
	url = {https://github.com/llvm/llvm-project/blob/dc63b35b02231a75d131fb6376d2e58a7ad9b7e4/llvm/include/llvm/Transforms/Scalar/Reassociate.h#L9}
}


@inproceedings{novillo2007memory,
  title={Memory SSA-a unified approach for sparsely representing memory operations},
  author={Novillo, Diego and others},
  booktitle={Proceedings of the GCC Developers’ Summit},
  pages={97--110},
  year={2007},
  organization={Citeseer}
}

@inproceedings{prosserDom,
author = {Prosser, Reese T.},
title = {Applications of Boolean Matrices to the Analysis of Flow Diagrams},
year = {1959},
isbn = {9781450378680},
publisher = {Association for Computing Machinery},
address = {New York, NY, USA},
url = {https://doi.org/10.1145/1460299.1460314},
doi = {10.1145/1460299.1460314},
abstract = {Any serious attempt at automatic programming of large-scale digital computing machines must provide for some sort of analysis of program structure. Questions concerning order of operations, location and disposition of transfers, identification of subroutines, internal consistency, redundancy and equivalence, all involve a knowledge of the structure of the program under study, and must be handled effectively by any automatic programming system.},
booktitle = {Papers Presented at the December 1-3, 1959, Eastern Joint IRE-AIEE-ACM Computer Conference},
pages = {133–138},
numpages = {6},
location = {Boston, Massachusetts},
series = {IRE-AIEE-ACM '59 (Eastern)}
}

@misc{llvmdoc-memoryssa,
	title = {{MemorySSA {\ifmmode---\else\textemdash\fi} LLVM 17.0.0git documentation}},
	url = {https://llvm.org/docs/MemorySSA.html}
}

@misc{clang,
	title = {{{\textquotedblleft}Clang{\textquotedblright} CFE Internals Manual {\ifmmode---\else\textemdash\fi} Clang 16.0.0git documentation}},
	year = {2022},
	month = sep,
	note = {[Online; accessed 5. Jan. 2023]},
	url = {https://clang.llvm.org/docs/InternalsManual.html}
}

@misc{clangCommands,
	title = {{{\textquotedblleft}Clang{\textquotedblright} Clang CLI Documentation {\ifmmode---\else\textemdash\fi} Clang 17.0.0git documentation}},
	note = {[Online; accessed 18. Apr. 2023]},
	url = {https://clang.llvm.org/docs/CommandGuide/clang.html#code-generation-options}
}


@misc{riscvorgabout,
	title = {{About RISC-V {\textendash} RISC-V International}},
	year = {2023},
	month = apr,
	note = {[Online; accessed 15. Apr. 2023]},
	url = {https://riscv.org/about}
}

@misc{watermanriscv,
  author  = "Waterman, A.",
  title   = " Design of the RISC-V instruction set architecture ",
  school  = " University of California, Berkeley ",
  year    = "2016",
}

@misc{levelofabstrac,
	title = {{Learn the basics of instruction set architecture - EDN Asia}},
	journal = {EDN Asia},
	year = {2021},
	month = may,
	note = {[Online; accessed 15. Apr. 2023]},
	url = {https://www.ednasia.com/learn-the-basics-of-instruction-set-architecture}
}

@mastersthesis{Altinayozlem,
  author  = "Altınay, O.",
  title   = " Instruction Extension of RV32I and GCC Back End for ASCON Lightweight Cryptography Algorithm",
  school  = "Istanbul Technical University",
  year    = "2021",
}

@misc{rvregisters,
	title = {{RISC-V Assembly Language}},
	year = {2020},
	month = oct,
	note = {[Online; accessed 15. Apr. 2023]},
	url = {https://web.eecs.utk.edu/~smarz1/courses/ece356/notes/assembly}
}

@misc{bitmanipulationisaextensions,
  title   = "RISC-V Bit-Manipulation ISA-Extensions",
  year    = "2021",
  month = june,
  note = {Version 1.0.0-38-g865e7a7}
}

@misc{rvmanual,
  author  = "Waterman, A. and Asanovic, K.",
  title   = "The RISC-V Instruction Set Manual Volume I: Unprivileged ISA",
  school  = "University of California, Berkeley",
  year    = "2019",
  month = oct,
}

@mastersthesis{erfan,
  author  = "Gholizadehazari, E.",
  title   = "An FPGA Implementation of a RISC-V Based SOC System with Custom Instruction Set for Image Processing Applications",
  school  = " Istanbul Technical University ",
  year    = "2021",
  month = july,
}

@misc{bitmanipgroups,
	title = {{LLVM support for the draft Bit Manipulation Extension for RISC-V {\textendash} Embecosm}},
	year = {2023},
	month = apr,
	note = {[Online; accessed 15. Apr. 2023]},
	url = {https://www.embecosm.com/2019/10/22/llvm-risc-v-bit-manipulation-extension}
}

@misc{bitmanipdraft,
  author  = "Wolf, C.",
  title   = "RISC-V Bitmanip Extension",
  year    = "2021",
  month = jan,
}

@misc{cryptogroups,
	title = {{RISC-V Cryptography Extensions Task Group Announces Public Review of the Scalar Cryptography Extensions {\textendash} RISC-V International}},
	year = {2023},
	month = apr,
	note = {[Online; accessed 15. Apr. 2023]},
	url = {https://riscv.org/blog/2021/09/risc-v-cryptography-extensions-task-group-announces-public-review-of-the-scalar-cryptography-extensions}
}

@misc{cryptogroupsdiag,
	title = {{Scalar Cryptography Instruction Set Extension Group Names Diagram - Home - RISC-V International}},
	year = {2023},
	month = apr,
	note = {[Online; accessed 15. Apr. 2023]},
	url = {https://wiki.riscv.org/display/HOME/Scalar+Cryptography+Instruction+Set+Extension+Group+Names+Diagram}
}

@misc{Lattner2010Apr,
	author = {Lattner, Chris},
	title = {{Intro to the LLVM MC Project}},
	year = {2010},
	month = apr,
	note = {[Online; accessed 15. Apr. 2023]},
	url = {https://blog.llvm.org/2010/04/intro-to-llvm-mc-project.html}
}

@misc{llvmextensionspage,
	title = {{User Guide for RISC-V Target {\ifmmode---\else\textemdash\fi} LLVM 17.0.0git documentation}},
	year = {2023},
	month = apr,
	note = {[Online; accessed 20. Apr. 2023]},
	url = {https://llvm.org/docs/RISCVUsage.html}
}

@misc{cryptoextensiondoc,
  title   = "RISC-V Cryptography Extensions Volume I Scalar \& Entropy Source Instructions",
  year    = "2022",
  month = feb,
}

@book{llvmcookbook,
  title={LLVM Cookbook},
  author={Mayur Pandey, Suyog Sarda},
  isbn={978-1-78528-598-1},
  year={2015},
  publisher={Packt Publishing Ltd}
}

@misc{legalizer,
	title = {{Legalizer}},
	url = {https://llvm.org/docs/GlobalISel/Legalizer.html}
}

@misc{googlesiteintrinsic,
	title = {{9. Intrinsic Functions - SKKU Compiler7987}},
	year = {2023},
	month = may,
	note = {[Online; accessed 16. May 2023]},
	url = {https://sites.google.com/site/compiler7987/intermediate-represintation/9-intrinsic-functions}
}

@misc{llvmdevmeeting,
	author = {Finkel, Hal},
	title = {{Intrinsics, Metadata, and Attributes: The story continues! 2016 LLVM Developers’ Meeting}},
	year = {2016},	
}
